<collection xmlns="http://www.loc.gov/MARC21/slim"><record><leader>00755nam  2200253   450</leader><controlfield tag="001">626</controlfield><controlfield tag="003">http://montalegre.opacnet.com/OPAC/default.aspx?ContentAreaControl=ShowRegHoldings.ascx&amp;RegNo=16662</controlfield><datafield tag="021" ind1=" " ind2=" "><subfield code="a">PT</subfield><subfield code="b">35073/90</subfield></datafield><datafield tag="095" ind1=" " ind2=" "><subfield code="a">PTBN00263207</subfield></datafield><datafield tag="100" ind1=" " ind2=" "><subfield code="a">20061013d1990    a  y0pory0103    ba</subfield></datafield><datafield tag="101" ind1="0" ind2=" "><subfield code="a">por</subfield></datafield><datafield tag="102" ind1=" " ind2=" "><subfield code="a">PT</subfield></datafield><datafield tag="105" ind1=" " ind2=" "><subfield code="a">a   z   000fy</subfield></datafield><datafield tag="106" ind1=" " ind2=" "><subfield code="a">r</subfield></datafield><datafield tag="200" ind1="1" ind2=" "><subfield code="a">&lt;A &gt;flor azul</subfield><subfield code="f">escreveu Ilse Losa</subfield><subfield code="g">il. Lisa Couwenbergh</subfield></datafield><datafield tag="205" ind1=" " ind2=" "><subfield code="a">7ª ed</subfield></datafield><datafield tag="210" ind1=" " ind2=" "><subfield code="a">Porto</subfield><subfield code="c">Asa</subfield><subfield code="d">1990</subfield></datafield><datafield tag="215" ind1=" " ind2=" "><subfield code="a">56, [1] p.</subfield><subfield code="c">il.</subfield><subfield code="d">21 cm</subfield></datafield><datafield tag="225" ind1="2" ind2=" "><subfield code="a">Asa juvenil</subfield><subfield code="v">17</subfield></datafield><datafield tag="675" ind1=" " ind2=" "><subfield code="a">82-93</subfield></datafield><datafield tag="700" ind1=" " ind2="1"><subfield code="a">Losa</subfield><subfield code="b">Ilse</subfield><subfield code="f">1913-2006</subfield><subfield code="3">26530</subfield></datafield><datafield tag="702" ind1=" " ind2="1"><subfield code="a">Couwenbergh</subfield><subfield code="b">Lisa</subfield><subfield code="4">440</subfield><subfield code="3">79326</subfield></datafield><datafield tag="801" ind1=" " ind2="0"><subfield code="a">PT</subfield><subfield code="b">Biblioteca Municipal de Montalegre</subfield><subfield code="g">RPC</subfield></datafield><datafield tag="856" ind1=" " ind2=" "><subfield code="u">locateMedia.asp?cod=20060522164213&amp;ext=jpg</subfield><subfield code="z">CAPA</subfield></datafield><datafield tag="909" ind1="&#9;" ind2=" "><subfield code="a">1</subfield></datafield><datafield tag="966" ind1=" " ind2=" "><subfield code="a">0000984</subfield><subfield code="l">BMM</subfield><subfield code="s">SI 82-93 LOS flo 17</subfield></datafield></record></collection>